@inproceedings{WangJSWYCY19,
  author    = {Xiao Wang and
               Houye Ji and
               Chuan Shi and
               Bai Wang and
               Yanfang Ye and
               Peng Cui and
               Philip S. Yu},
  title     = {Heterogeneous Graph Attention Network},
  booktitle = {{WWW}},
  pages     = {2022--2032},
  publisher = {{ACM}},
  year      = {2019}
}


