
@article{sun2012relation,
  title={Relation strength-aware clustering of heterogeneous information networks with incomplete attributes},
  author={Sun, Yizhou and Aggarwal, Charu C and Han, Jiawei},
  journal={PVLDB},
  volume={5},
  number={5},
  pages={394--405},
  year={2012},
  publisher={VLDB Endowment}
}

@inproceedings{perozzi2014focused,
  title={Focused clustering and outlier detection in large attributed graphs},
  author={Perozzi, Bryan and Akoglu, Leman and Iglesias S{\'a}nchez, Patricia and M{\"u}ller, Emmanuel},
  booktitle={KDD},
  pages={1346--1355},
  year={2014},
}

@inproceedings{boden2014density,
  title={Density-based subspace clustering in heterogeneous networks},
  author={Boden, Brigitte and Ester, Martin and Seidl, Thomas},
  booktitle={ECML/PKDD},
  pages={149--164},
  year={2014}
}

@inproceedings{DBLP:/kdd/SunNHYYY12,
   author              = {Yizhou Sun and 
                          Brandon Norick and 
                          Jiawei Han and 
                          Xifeng Yan and 
                          Philip S. Yu and 
                          Xiao Yu},
   title               = {Integrating meta-path selection with user-guided object clustering in heterogeneous information networks},
   booktitle             = {KDD},
   pages = {1348-1356}, 
   year                = {2012}
}

@inproceedings{DBLP:dblp_conf/icml/BasuBM02,
   author              = {Sugato Basu and 
                          Arindam Banerjee and 
                          Raymond J. Mooney},
   title               = {Semi-supervised Clustering by Seeding.},
   booktitle           = {ICML},
   year                = {2002},
   pages               = {27-34},
}

@inproceedings{DBLP:dblp_conf/kdd/BasuBM04,
   author              = {Sugato Basu and 
                          Mikhail Bilenko and 
                          Raymond J. Mooney},
   title               = {A probabilistic framework for semi-supervised clustering.},
   booktitle           = {KDD},
   year                = {2004},
   pages               = {59-68},
}

@inproceedings{DBLP:dblp_conf/icml/KulisBDM05,
   author              = {Brian Kulis and 
                          Sugato Basu and 
                          Inderjit S. Dhillon and 
                          Raymond J. Mooney},
   title               = {Semi-supervised graph clustering: a kernel approach.},
   booktitle           = {ICML},
   year                = {2005},
   pages               = {457-464},
}

@inproceedings{DBLP:dblp_conf/icdm/YangML13,
   author              = {Jaewon Yang and 
                          Julian J. McAuley and 
                          Jure Leskovec},
   title               = {Community Detection in Networks with Node Attributes.},
   booktitle           = {ICDM},
   year                = {2013},
   pages               = {1151-1156},
}

@inproceedings{DBLP:dblp_conf/kdd/YangJCZ09,
   author              = {Tianbao Yang and 
                          Rong Jin and 
                          Yun Chi and 
                          Shenghuo Zhu},
   title               = {Combining link and content for community detection: a discriminative approach.},
   booktitle           = {KDD},
   year                = {2009},
   pages               = {927-936},
}

@inproceedings{DBLP:dblp_conf/sigmod/XuKWCC12,
   author              = {Zhiqiang Xu and 
                          Yiping Ke and 
                          Yi Wang 0006 and 
                          Hong Cheng and 
                          James Cheng},
   title               = {A model-based approach to attributed graph clustering.},
   booktitle           = {SIGMOD},
   year                = {2012},
   pages               = {505-516},
}

@article{DBLP:dblp_journals/pvldb/ZhouCY09,
  title={Graph clustering based on structural/attribute similarities},
  author={Zhou, Yang and Cheng, Hong and Yu, Jeffrey Xu},
  journal={PVLDB},
  volume={2},
  number={1},
  pages={718--729},
  year={2009},
  publisher={VLDB Endowment}
}

@inproceedings{DBLP:dblp_conf/icdm/GunnemannFBS10,
   author              = {Stephan Günnemann and 
                          Ines Färber and 
                          Brigitte Boden and 
                          Thomas Seidl},
   title               = {Subspace Clustering Meets Dense Subgraph Mining: A Synthesis of Two Paradigms.},
   booktitle           = {ICDM},
   year                = {2010},
   pages               = {845-850},
}

@inproceedings{DBLP:dblp_conf/www/RuanFP13,
   author              = {Yiye Ruan and 
                          David Fuhry and 
                          Srinivasan Parthasarathy},
   title               = {Efficient community detection in large networks using content and links.},
   booktitle           = {WWW},
   year                = {2013},
   pages               = {1089-1098},
}

@inproceedings{DBLP:dblp_conf/nips/McAuleyL12,
   author              = {Julian J. McAuley and 
                          Jure Leskovec},
   title               = {Learning to Discover Social Circles in Ego Networks.},
   booktitle           = {NIPS},
   year                = {2012},
   pages               = {548-556},
}

@inproceedings{DBLP:dblp_conf/edbt/SunHZYCW09,
   author              = {Yizhou Sun and 
                          Jiawei Han and 
                          Peixiang Zhao and 
                          Zhijun Yin and 
                          Hong Cheng and 
                          Tianyi Wu},
   title               = {RankClus: integrating clustering with ranking for heterogeneous information network analysis.},
   booktitle           = {EDBT},
   year                = {2009},
   pages               = {565-576},
}

@inproceedings{DBLP:dblp_conf/kdd/SunYH09,
   author              = {Yizhou Sun and 
                          Yintao Yu and 
                          Jiawei Han},
   title               = {Ranking-based clustering of heterogeneous information networks with star network schema.},
   booktitle           = {KDD},
   year                = {2009},
   pages               = {797-806},
}

@article{DBLP:dblp_journals/datamine/WangLWZD11,
  title={Community discovery using nonnegative matrix factorization},
  author={Wang, Fei and Li, Tao and Wang, Xin and Zhu, Shenghuo and Ding, Chris},
  journal={Data Min. Knowl. Discov.},
  volume={22},
  number={3},
  pages={493--521},
  year={2011},
  publisher={Springer}
}

@article{DBLP:dblp_journals/pami/ShiM00,
  title={Normalized cuts and image segmentation},
  author={Shi, Jianbo and Malik, Jitendra},
  journal={IEEE Trans. Pattern Anal. Mach. Intell.},
  volume={22},
  number={8},
  pages={888--905},
  year={2000},
  publisher={IEEE}
}

@article{newman2004finding,
  title={Finding and evaluating community structure in networks},
  author={Newman, Mark EJ and Girvan, Michelle},
  journal={Physical review E},
  volume={69},
  number={2},
  pages={026113},
  year={2004},
  publisher={APS}
}

@inproceedings{DBLP:dblp_conf/kdd/XuYFS07,
   author              = {Xiaowei Xu and 
                          Nurcan Yuruk and 
                          Zhidan Feng and 
                          Thomas A. J. Schweiger},
   title               = {SCAN: a structural clustering algorithm for networks.},
   booktitle           = {KDD},
   year                = {2007},
   pages               = {824-833},
}

@inproceedings{DBLP:dblp_conf/wsdm/YangL13,
   author              = {Jaewon Yang and 
                          Jure Leskovec},
   title               = {Overlapping community detection at scale: a nonnegative matrix factorization approach.},
   booktitle           = {WSDM},
   year                = {2013},
   pages               = {587-596},
}

@inproceedings{DBLP:dblp_conf/icml/LongZWY06,
   author              = {Bo Long and 
                          Zhongfei (Mark) Zhang and 
                          Xiaoyun Wu and 
                          Philip S. Yu},
   title               = {Spectral clustering for multi-type relational data.},
   booktitle           = {ICML},
   year                = {2006},
   pages               = {585-592},
}

@inproceedings{DBLP:dblp_conf/kdd/LongZY07,
   author              = {Bo Long and 
                          Zhongfei (Mark) Zhang and 
                          Philip S. Yu},
   title               = {A probabilistic framework for relational clustering.},
   booktitle           = {KDD},
   year                = {2007},
   pages               = {470-479},
}

@article{DBLP:dblp_journals/datamine/YinHY07,
   author              = {Xiaoxin Yin and 
                          Jiawei Han and 
                          Philip S. Yu},
   title               = {CrossClus: user-guided multi-relational clustering.},
   journal             = {Data Min. Knowl. Discov.},
   year                = {2007},
   pages               = {321-348},
}

@inproceedings{DBLP:dblp_journals/jgo/TuyTK04,
   author              = {Hoang Tuy and 
                          Phan Thien Thach and 
                          Hiroshi Konno},
   title               = {Optimization of Polynomial Fractional Functions.},
   journal             = {J. Global Optimization},
   year                = {2004},
   pages               = {19-44},
  }

@article{dinkelbach1967nonlinear,
  title={On nonlinear fractional programming},
  author={Dinkelbach, Werner},
  journal={Management Science},
  volume={13},
  number={7},
  pages={492--498},
  year={1967},
}


@book{stancu2012fractional,
  title={Fractional programming: theory, methods and applications},
  author={Stancu-Minasian, IM},
  volume={409},
  year={2012},
  publisher={Springer Science \& Business Media}
}

@book{bhatia1997matrix,
  title={Matrix analysis},
  author={Bhatia, Rajendra},
  year={1997},
  publisher={Springer-Verlag, New York}
}

@article{DBLP:dblp_journals/pvldb/SunHYYW11,
  title={Pathsim: Meta path-based top-k similarity search in heterogeneous information networks},
  author={Sun, Yizhou and Han, Jiawei and Yan, Xifeng and Yu, Philip S and Wu, Tianyi},
  journal={PVLDB},
  volume={4},
  number={11},
  pages={992--1003},
  year={2011},
  publisher={Citeseer}
}

@inproceedings{DBLP:dblp_conf/pkdd/JiSDHG10,
   author              = {Ming Ji and 
                          Yizhou Sun and 
                          Marina Danilevsky and 
                          Jiawei Han and 
                          Jing Gao},
   title               = {Graph Regularized Transductive Classification on Heterogeneous Information Networks.},
   booktitle           = {ECML/PKDD},
   year                = {2010},
   pages               = {570-586},
}

@inproceedings{DBLP:dblp_conf/ijcai/KamvarKM03,
   author              = {Sepandar D. Kamvar and 
                          Dan Klein and 
                          Christopher D. Manning},
   title               = {Spectral Learning.},
   booktitle           = {IJCAI},
   year                = {2003},
   pages               = {561-566},
}

@inproceedings{bilenko2004integrating,
  title={Integrating constraints and metric learning in semi-supervised clustering},
  author={Bilenko, Mikhail and Basu, Sugato and Mooney, Raymond J},
  booktitle={ICML},
  pages={81--88},
  year={2004}
}

@book{zhu2005semi,
  title={Semi-supervised learning with graphs},
  author={Zhu, Xiaojin and Lafferty, John and Rosenfeld, Ronald},
  year={2005},
  publisher={Carnegie Mellon University}
}

@inproceedings{luo2014semi,
  title={Semi-supervised clustering on heterogeneous information networks},
  author={Luo, Chen and Pang, Wei and Wang, Zhe},
  booktitle={PAKDD},
  pages={548--559},
  year={2014}
}

@inproceedings{tong2006fast,
  title={Fast random walk with restart and its applications},
  author={Tong, Hanghang and Faloutsos, Christos and Pan, Jia-Yu},
  booktitle={ICDM},
  pages={613--622}, 
  year={2006}
}

@inproceedings{wan2015classification,
  author={Wan, Chang and Li, Xiang and Kao, Ben and Yu, Xiao and Gu, Quanquan and Cheung, David and Han, Jiawei},
  title={Classification with Active Learning and Meta-Paths in Heterogeneous Information Networks},
  booktitle={CIKM},
  pages={443--452},
  year={2015}
}

@inproceedings{li2016transductive,
  title={On Transductive Classification in Heterogeneous Information Networks},
  author={Li, Xiang and Kao, Ben and Zheng, Yudian and Huang, Zhipeng},
  booktitle={CIKM},
  year={2016}
}

@incollection{berkhin2006survey,
  title={A survey of clustering data mining techniques},
  author={Berkhin, Pavel},
  booktitle={Grouping multidimensional data},
  pages={25--71},
  year={2006},
  publisher={Springer}
}

@book{han2011data,
  title={Data mining: concepts and techniques},
  author={Han, Jiawei and Pei, Jian and Kamber, Micheline},
  year={2011},
  publisher={Elsevier}
}

@book{schutze2008introduction,
 author = {Manning, Christopher D. and Raghavan, Prabhakar and Sch\"{u}tze, Hinrich},
 title = {Introduction to Information Retrieval},
 year = {2008},
 isbn = {0521865719, 9780521865715},
 publisher = {Cambridge University Press},
} 

@inproceedings{zhou2013social,
  title={Social influence based clustering of heterogeneous information networks},
  author={Zhou, Yang and Liu, Ling},
  booktitle={KDD},
  pages={338--346},
  year={2013},
  organization={ACM}
}
